@article{Altschul1990,
    author = "Stephen F. Altschul et al.",
    title = "Basic Local Alignment Search Tool",
    journal = "J. Mol. Biol.",
    volume = "215",
    pages = "403--410",
    year = "1990",
    note = "\href{http://www.ncbi.nlm.nih.gov/pubmed/2231712}{PMID: 2231712}"
}

@article{Illumina2008,
    author = "David R. Bentley et al.",
    title = "Accurate whole human genome sequencing using reversible terminator chemistry",
    journal = "Nature",
    volume = "456",
    pages = "53--59",
    year = "2008",
    note = "\href{http://www.ncbi.nlm.nih.gov/pubmed/18987734}{PMID: 18987734}"
}

@manual{samspec,
    author = "The SAM\slash\hspace{0pt}BAM Format Specification Working Group",
    title = "Sequence Alignment\slash\hspace{0pt}Map Format Specification",
    note = "Url:~\url{https://samtools.github.io/hts-specs/SAMv1.pdf}"
}

@misc{website:libxml:xmlreader,
    author = "\raggedright Daniel Veillard",
    title = "Libxml2 XmlTextReader Interface tutorial",
    note = "Url:~\url{http://www.xmlsoft.org/xmlreader.html}"
}
